@book{andersen2012statistical,
  title={Statistical Models Based on Counting Processes,},
  author={Andersen, Per K and Borgan, Ornulf and Gill, Richard D and Keiding, Niels},
  year={2012},
  publisher={New York: Springer}
}

@article{andersen1982cox,
  title={Cox's regression model for counting processes: A large sample study},
  author={Andersen, Per Kragh and Gill, Richard David},
  journal={The Annals of Statistics},
  volume={10},
  pages={1100--1120},
  year={1982},
  publisher={JSTOR}
}

@book{brereton2003chemometrics,
  title={Chemometrics: data analysis for the laboratory and chemical plant},
  author={Brereton, Richard G},
  year={2003},
  publisher={John Wiley \& Sons}
}

@book{boyd2011distributed,
  title={Distributed optimization and statistical learning via the alternating direction method of multipliers},
  author={Boyd, Stephen and Parikh, Neal and Chu, Eric},
  year={2011},
  publisher={Now Publishers Inc}
}


@article{chen2013reduced,
  title={Reduced rank regression via adaptive nuclear norm penalization},
  author={Chen, Kun and Dong, Hongbo and Chan, Kung-Sik},
  journal={Biometrika},
  volume={100},
  number={4},
  pages={901--920},
  year={2013},
  publisher={Oxford University Press}
}

@inproceedings{gu2014weighted,
  title={Weighted nuclear norm minimization with application to image denoising},
  author={Gu, Shuhang and Zhang, Lei and Zuo, Wangmeng and Feng, Xiangchu},
  booktitle={Proceedings of the IEEE conference on computer vision and pattern recognition},
  pages={2862--2869},
  year={2014}
}

@article{isenmann2008modern,
  title={Modern multivariate statistical techniques},
  author={Isenmann, AJ},
  journal={Regression, Classification and Manifold Learning},
  volume={25},
  pages={733},
  year={2008},
  publisher={Springer}
}

@article{koltchinskii2011nuclear,
  title={Nuclear-norm penalization and optimal rates for noisy low-rank matrix completion},
  author={Koltchinskii, Vladimir and Lounici, Karim and Tsybakov, Alexandre B},
  journal={The Annals of Statistics},
  volume={39},
  number={5},
  pages={2302--2329},
  year={2011},
  publisher={Institute of Mathematical Statistics}
}

@article{mirsky1975trace,
  title={A trace inequality of {J}ohn von {N}eumann},
  author={Mirsky, Leon},
  journal={Monatshefte f{\"u}r mathematik},
  volume={79},
  number={4},
  pages={303--306},
  year={1975},
  publisher={New York: Springer}
}

@article{negahban2011estimation,
  title={Estimation of (near) low-rank matrices with noise and high-dimensional scaling},
  author={Negahban, Sahand and Wainwright, Martin J},
  journal={The Annals of Statistics},
  pages={1069--1097},
  year={2011},
  publisher={JSTOR}
}

@book{von1937some,
  title={Some matrix-inequalities and metrization of matric space},
  author={Von Neumann, John},
  year={1937},
  publisher={JSTOR}
}

@book{young2014iterative,
  title={Iterative solution of large linear systems},
  author={Young, David M},
  year={2014},
  publisher={Amsterdam, Netherlands: Elsevier}
}

@article{ruhe1970perturbation,
  title={Perturbation bounds for means of eigenvalues and invariant subspaces},
  author={Ruhe, Axel},
  journal={BIT Numerical Mathematics},
  volume={10},
  number={3},
  pages={343--354},
  year={1970},
  publisher={New York: Springer}
}

@article{rockafellar1993lagrange,
  title={Lagrange multipliers and optimality},
  author={Rockafellar, R Tyrrell},
  journal={SIAM review},
  volume={35},
  number={2},
  pages={183--238},
  year={1993},
  publisher={SIAM}
}

@article{yuan2007dimension,
  title={Dimension reduction and coefficient estimation in multivariate linear regression},
  author={Yuan, Ming and Ekici, Ali and Lu, Zhaosong and Monteiro, Renato},
  journal={Journal of the Royal Statistical Society: Series B (Statistical Methodology)},
  volume={69},
  number={3},
  pages={329--346},
  year={2007},
  publisher={Wiley Online Library}
}

@book{wainwright2019high,
  title={High-dimensional statistics: A non-asymptotic viewpoint},
  author={Wainwright, Martin J},
  volume={48},
  year={2019},
  publisher={Cambridge University Press}
}

@article{candes2008enhancing,
  title={Enhancing sparsity by reweighted $\ell_{1}$ minimization},
  author={Candes, Emmanuel J and Wakin, Michael B and Boyd, Stephen P},
  journal={Journal of Fourier analysis and applications},
  volume={14},
  number={5},
  pages={877--905},
  year={2008},
  publisher={New York: Springer}
}

@article{golub1979generalized,
  title={Generalized cross-validation as a method for choosing a good ridge parameter},
  author={Golub, Gene H and Heath, Michael and Wahba, Grace},
  journal={Technometrics},
  volume={21},
  number={2},
  pages={215--223},
  year={1979},
  publisher={Taylor \& Francis}
}

@article{gu2017weighted,
  title={Weighted nuclear norm minimization and its applications to low level vision},
  author={Gu, Shuhang and Xie, Qi and Meng, Deyu and Zuo, Wangmeng and Feng, Xiangchu and Zhang, Lei},
  journal={International journal of computer vision},
  volume={121},
  number={2},
  pages={183--208},
  year={2017},
  publisher={New York: Springer}
}

@inproceedings{xu2017multi,
  title={Multi-channel weighted nuclear norm minimization for real color image denoising},
  author={Xu, Jun and Zhang, Lei and Zhang, David and Feng, Xiangchu},
  booktitle={Proceedings of the IEEE international conference on computer vision},
  pages={1096--1104},
  year={2017}
}

@inproceedings{yair2018multi,
  title={Multi-scale weighted nuclear norm image restoration},
  author={Yair, Noam and Michaeli, Tomer},
  booktitle={Proceedings of the IEEE Conference on Computer Vision and Pattern Recognition},
  pages={3165--3174},
  year={2018}
}

@article{liu2018speckle,
  title={Speckle suppression based on weighted nuclear norm minimization and grey theory},
  author={Liu, Shuaiqi and Hu, Qi and Li, Pengfei and Zhao, Jie and Liu, Ming and Zhu, Zhihui},
  journal={IEEE Transactions on Geoscience and Remote Sensing},
  volume={57},
  number={5},
  pages={2700--2708},
  year={2018},
  publisher={IEEE}
}

@article{kim2020cauchy,
  title={Cauchy noise removal by weighted nuclear norm minimization},
  author={Kim, Geonwoo and Cho, Junghee and Kang, Myungjoo},
  journal={Journal of Scientific Computing},
  volume={83},
  number={1},
  pages={1--21},
  year={2020},
  publisher={New York: Springer}
}

@article{fan2021shrinkage,
  title={A shrinkage principle for heavy-tailed data: High-dimensional robust low-rank matrix recovery},
  author={Fan, Jianqing and Wang, Weichen and Zhu, Ziwei},
  journal={Annals of statistics},
  volume={49},
  number={3},
  pages={1239},
  year={2021},
  publisher={NIH Public Access}
}

@article{fan2019generalized,
  title={Generalized high-dimensional trace regression via nuclear norm regularization},
  author={Fan, Jianqing and Gong, Wenyan and Zhu, Ziwei},
  journal={Journal of econometrics},
  volume={212},
  number={1},
  pages={177--202},
  year={2019},
  publisher={Elsevier}
}

@article{zou2006adaptive,
  title={The adaptive lasso and its oracle properties},
  author={Zou, Hui},
  journal={Journal of the American Statistical Association},
  volume={101},
  number={476},
  pages={1418--1429},
  year={2006},
  publisher={Taylor \& Francis}
}

@article{bach2008consistency,
  title={Consistency of trace norm minimization},
  author={Bach, Francis R},
  journal={The Journal of Machine Learning Research},
  volume={9},
  pages={1019--1048},
  year={2008},
  publisher={JMLR. org}
}

@article{lee2015model,
  title={On model selection consistency of regularized M-estimators},
  author={Lee, Jason D and Sun, Yuekai and Taylor, Jonathan E},
  journal={Electronic Journal of Statistics},
  volume={9},
  number={1},
  pages={608--642},
  year={2015},
  publisher={Institute of Mathematical Statistics and Bernoulli Society}
}

@article{rohde2011estimation,
  title={Estimation of high-dimensional low-rank matrices},
  author={Rohde, Angelika and Tsybakov, Alexandre B},
  journal={The Annals of Statistics},
  volume={39},
  number={2},
  pages={887--930},
  year={2011},
  publisher={Institute of Mathematical Statistics}
}

@article{law2021rank,
  title={Rank-Constrained Least-Squares: Prediction and Inference},
  author={Law, Michael and Ritov, Ya'acov and Zhang, Ruixiang and Zhu, Ziwei},
  journal={arXiv preprint arXiv:2111.14287},
  year={2021}
}

@article{shang2021regularization,
  title={Regularization Parameter Selection for the Low Rank Matrix Recovery},
  author={Shang, Pan and Kong, Lingchen},
  journal={Journal of Optimization Theory and Applications},
  volume={189},
  number={3},
  pages={772--792},
  year={2021},
  publisher={Springer}
}

@article{wang2019global,
  title={Global convergence of {ADMM} in nonconvex nonsmooth optimization},
  author={Wang, Yu and Yin, Wotao and Zeng, Jinshan},
  journal={Journal of Scientific Computing},
  volume={78},
  number={1},
  pages={29--63},
  year={2019},
  publisher={Springer}
}

@article{attouch2013convergence,
  title={Convergence of descent methods for semi-algebraic and tame problems: proximal algorithms, forward--backward splitting, and regularized Gauss--Seidel methods},
  author={Attouch, Hedy and Bolte, J{\'e}r{\^o}me and Svaiter, Benar Fux},
  journal={Mathematical Programming},
  volume={137},
  number={1},
  pages={91--129},
  year={2013},
  publisher={Springer}
}

@article{bolte2014proximal,
  title={Proximal alternating linearized minimization for nonconvex and nonsmooth problems},
  author={Bolte, J{\'e}r{\^o}me and Sabach, Shoham and Teboulle, Marc},
  journal={Mathematical Programming},
  volume={146},
  number={1},
  pages={459--494},
  year={2014},
  publisher={Springer}
}

@article{sun2017global,
  title={Global convergence of proximal iteratively reweighted algorithm},
  author={Sun, Tao and Jiang, Hao and Cheng, Lizhi},
  journal={Journal of Global Optimization},
  volume={68},
  number={4},
  pages={815--826},
  year={2017},
  publisher={Springer}
}
